<record xmlns="http://www.loc.gov/MARC21/slim" xmlns:xsi="http://www.w3.org/2001/XMLSchema-instance" xsi:schemaLocation="http://www.loc.gov/MARC21/slim http://www.loc.gov/standards/marcxml/schema/MARC21slim.xsd">

  <leader>00779nam a2200181Ia 4500</leader>
  <controlfield tag="008">160420b1995    cr a|||| |||| 00| | spa d</controlfield>
  <datafield ind2=" " ind1=" " tag="090">
    <subfield code="a">06.03.06 </subfield>
    <subfield code="b">606</subfield>
  </datafield>
  <datafield ind1="1" ind2=" " tag="100">
    <subfield code="a">Delgado Estrada, Vilma</subfield>
    <subfield code="9">1569</subfield>
  </datafield>
  <datafield tag="245" ind2="0" ind1="1">
    <subfield code="a">Experiencias didácticas : matemática I y II ciclos / </subfield>
    <subfield code="c">Vilma Delgado Estrada, Teresita Peralta Monge, Nuria Valerio Cubero</subfield>
  </datafield>
  <datafield ind2=" " ind1=" " tag="260">
    <subfield code="a">Heredia : </subfield>
    <subfield code="b">Programa de Publicaciones e Impresiones, </subfield>
    <subfield code="c">1995</subfield>
  </datafield>
  <datafield ind2=" " ind1=" " tag="300">
    <subfield code="a">100 páginas; </subfield>
    <subfield code="b">ilustraciones</subfield>
  </datafield>
  <datafield tag="500" ind1=" " ind2=" ">
    <subfield code="a">Folleto elaborado en el marco del proyecto del "Plan piloto para el mejoramiento de la enseñanza de la ciencia y la matemática"</subfield>
  </datafield>
  <datafield tag="650" ind2="4" ind1="1">
    <subfield code="a">EDUCACIÓN PRIMARIA</subfield>
    <subfield code="9">367</subfield>
  </datafield>
  <datafield tag="650" ind1="1" ind2="4">
    <subfield code="a">MATEMÁTICAS  </subfield>
    <subfield code="9">482</subfield>
  </datafield>
  <datafield tag="700" ind2=" " ind1="1">
    <subfield code="a">Peralta Monge, Teresita</subfield>
    <subfield code="9">121</subfield>
  </datafield>
  <datafield ind2=" " ind1=" " tag="700">
    <subfield code="a">Valerio Cubero, Nuria</subfield>
    <subfield code="9">1571</subfield>
  </datafield>
  <datafield ind1=" " ind2=" " tag="942">
    <subfield code="2">z</subfield>
    <subfield code="c">04</subfield>
  </datafield>
  <datafield tag="999" ind1=" " ind2=" ">
    <subfield code="c">1815</subfield>
    <subfield code="d">1815</subfield>
  </datafield>
</record>